<record><leader>00000cas a2200000 a 4500</leader><controlfield tag="001">12258063</controlfield><controlfield tag="008">850712d19371942ksuwr ne      0    0eng d</controlfield><datafield ind1=" " ind2=" " tag="010"><subfield code="a">sn 85030702 </subfield></datafield><datafield ind1=" " ind2=" " tag="040"><subfield code="a">KSH</subfield><subfield code="b">eng</subfield><subfield code="c">KSH</subfield><subfield code="d">NPT</subfield><subfield code="d">CNK</subfield><subfield code="d">OCL</subfield><subfield code="d">OCLCQ</subfield></datafield><datafield ind1=" " ind2=" " tag="042"><subfield code="a">msc</subfield></datafield><datafield ind1="0" ind2=" " tag="130"><subfield code="a">Hutchinson news-herald (Hutchinson, Kan. : 1937)</subfield></datafield><datafield ind1="1" ind2="4" tag="245"><subfield code="a">The Hutchinson news-herald.</subfield></datafield><datafield ind1=" " ind2=" " tag="260"><subfield code="a">Hutchinson, Kan. :</subfield><subfield code="b">Hutchinson Pub. Co. &amp; John P. Harris, Sidney F. Harris,</subfield><subfield code="c">1937-1942.</subfield></datafield><datafield ind1=" " ind2=" " tag="300"><subfield code="a">7 v. :</subfield><subfield code="b">ill.</subfield></datafield><datafield ind1=" " ind2=" " tag="310"><subfield code="a">Weekly</subfield></datafield><datafield ind1="0" ind2=" " tag="362"><subfield code="a">Vol. 1, no. 1 (Sept. 5, 1937)-v. 1, no. 16 (Dec. 26, 1937) ; v. 35, no. 117 (Jan. 3, 1938)-v. 40, no. 111 (Dec. 31, 1942).</subfield></datafield><datafield ind1=" " ind2=" " tag="515"><subfield code="a">Continues the numbering of: Hutchinson herald (Hutchinson, Kan. : 1924).</subfield></datafield><datafield ind1=" " ind2=" " tag="580"><subfield code="a">Issued also in morning edition called: Hutchinson herald (Hutchinson, Kan. : 1924); afternoon edition called: Hutchinson news (Hutchinson, Kan. : 1890).</subfield></datafield><datafield ind1=" " ind2=" " tag="580"><subfield code="a">Merged with: Hutchinson herald (Hutchinson, Kan. : 1924) and Hutchinson news (Hutchinson, Kan. : 1880) to form: Hutchinson news-herald (Hutchinson, Kan. : 1943).</subfield></datafield><datafield ind1=" " ind2=" " tag="752"><subfield code="a">United States</subfield><subfield code="b">Kansas</subfield><subfield code="c">Reno</subfield><subfield code="d">Hutchinson.</subfield></datafield><datafield ind1="1" ind2=" " tag="775"><subfield code="a">Hutchinson herald (Hutchinson, Kan. : 1924)</subfield><subfield code="w">(DLC)sn 85030695</subfield></datafield><datafield ind1="1" ind2=" " tag="775"><subfield code="a">Hutchinson news (Hutchinson, Kan. : 1890)</subfield><subfield code="w">(DLC)sn 85030697</subfield></datafield><datafield ind1="1" ind2="7" tag="785"><subfield code="t">Hutchinson news (Hutchinson, Kan. : 1890)</subfield><subfield code="w">(DLC)sn 85030697</subfield></datafield><datafield ind1="1" ind2="7" tag="785"><subfield code="t">Hutchinson herald (Hutchinson, Kan. : 1924)</subfield><subfield code="w">(DLC)sn 85030695</subfield></datafield><datafield ind1="1" ind2="7" tag="785"><subfield code="t">Hutchinson news-herald (Hutchinson, Kan. : 1943)</subfield><subfield code="w">(DLC)sn 85030698</subfield></datafield></record>